
@article{Nadkarni-1992,
	author = {M. A. Nadkarni and C. K. K. Nair and V. N. Pandey and A. Others},
	title = {Characterzation of alpha-galactosidase from corynebacterium murisepticum and mechanism of its induction},
	type = {J},
	journal = {J Gen App Microbiol},
	year = {1992},
	volume = {38},
	pages = {223-234},
}

@article{ChenCheChen2001,
	author = {陈建军 and 车建文 and 陈勇},
	title = {具有频率和振型概率约束的工程结构动力优化设计},
	type = {J},
	journal = {计算力学学报},
	year = {2001},
	volume = {18},
	number = {1},
	pages = {74-80},
	userf = {zh},
}


@article{Hua-Wang-1973,
	author = {华罗庚 and 王元},
	title = {论一致分布与近似分析：数论方法(I)},
	type = {J},
	journal = {中国科学},
	year = {1973},
	number = {4},
	pages = {339-357},
	userf = {zh},
}


@book{ZhuKeZhen,
	author = {竺可桢},
	title = {物候学},
	type = {M},
	location = {北京},
	publisher = {科学出版社},
	year = {1973},
	userf = {zh},
}

@book{Huo,
	author = {霍夫斯塔主编},
	title = {禽病学：下册．第7版},
	translator = {胡祥壁},
	type = {M},
	location = {北京},
	publisher = {农业出版社},
	year = {1981},
	pages = {798-799},
	userf = {zh},
}

@patent{JiangXiZhou,
	author = {姜锡洲},
	title = {一种温热外敷药制备方案},
	type = {P},
	location = {中国},
	number = {88105607.3},
	date = {1989-07-26},
	userf = {zh},
}


@book{Timoshenko,
	author = {S. P. Timoshenko},
	title = {Theory of plate and shells．2nd ed.},
	type = {M},
	location = {New York},
	publisher = {McGraw-Hil1},
	year = {1959},
    pages = {17-36},
}

@incollection{Zhang-Wang,
	author = {张全福 and 王里青},
	title = {“百家争鸣”与理工科学报编辑工作},
	type = {M},
	bookauthor = {郑福寿},
	booktitle = {学报编辑论丛：第2集},
	location = {南京},
	publisher = {河海大学出版社},
	year = {1991},
	pages = {1-4},
	userf = {zh},
}

@online{Ding,
  addendum={丁光莹. 钢筋混凝土框架结构非线性反应分析的随机模拟分析: [博士学位论文].
  上海：同济大学，2001},
  userf = {zh},
}

@online{GB6447-86,
  addendum={全国文献工作标准化技术委员会第六分委员会．GB 6447-86 文摘编写规则．北京：中国标准出版社，1986},
  userf = {zh},
}

@online{Example,
  addendum={ Nadkarni M A, Nair C K K, Pandey V N, et al．
  Characterzation of alpha-galactosidase from corynebacterium murisepticum and mechanism of its induction.
   J Gen App Microbiol，1992，38：223 $\sim$ 234 },
}

@article{li2018adaptive,
  title={Adaptive batch normalization for practical domain adaptation},
  author={Li, Yanghao and Wang, Naiyan and Shi, Jianping and Hou, Xiaodi and Liu, Jiaying},
  journal={Pattern Recognition},
  volume={80},
  pages={109--117},
  year={2018}
}

@inproceedings{cariucci2017autodial,
  title={Autodial: Automatic domain alignment layers},
  author={Cariucci, Fabio Maria and Porzi, Lorenzo and Caputo, Barbara and Ricci, Elisa and Bulo, Samuel Rota},
  booktitle={IEEE International Conference on Computer Vision},
  pages={5077--5085},
  year={2017}
}

@inproceedings{peng2019domain,
  title={Domain Agnostic Learning with Disentangled Representations},
  author={Peng, Xingchao and Huang, Zijun and Sun, Ximeng and Saenko, Kate},
  booktitle={International Conference on Machine Learning},
  pages={5102--5112},
  year={2019}
}



@inproceedings{lee2018diverse,
  title={Diverse image-to-image translation via disentangled representations},
  author={Lee, Hsin-Ying and Tseng, Hung-Yu and Huang, Jia-Bin and Singh, Maneesh and Yang, Ming-Hsuan},
  booktitle={European Conference on Computer Vision},
  pages={35--51},
  year={2018}
}

@inproceedings{tzeng2017adversarial,
  title={Adversarial discriminative domain adaptation},
  author={Tzeng, Eric and Hoffman, Judy and Saenko, Kate and Darrell, Trevor},
  booktitle={IEEE Conference on Computer Vision and Pattern Recognition},
  pages={2962-2971},
  year={2017}
}

@article{patel2015visual,
  title={Visual domain adaptation: A survey of recent advances},
  author={Patel, Vishal M and Gopalan, Raghuraman and Li, Ruonan and Chellappa, Rama},
  journal={IEEE Signal Processing Magazine},
  volume={32},
  number={3},
  pages={53--69},
  year={2015}
}

@article{csurka2017domain,
  title={Domain adaptation for visual applications: A comprehensive survey},
  author={Csurka, Gabriela},
  journal={arXiv preprint arXiv:1702.05374},
  year={2017}
}

@article{sun2015survey,
  title={A survey of multi-source domain adaptation},
  author={Sun, Shiliang and Shi, Honglei and Wu, Yuanbin},
  journal={Information Fusion},
  volume={24},
  pages={84--92},
  year={2015}
}

@inproceedings{hubert2016learning,
  title={Learning cross-domain landmarks for heterogeneous domain adaptation},
  author={Hubert Tsai, Yao-Hung and Yeh, Yi-Ren and Frank Wang, Yu-Chiang},
  booktitle={IEEE Conference on Computer Vision and Pattern Recognition},
  pages={5081--5090},
  year={2016}
}

@article{li2014learning,
  title={Learning with augmented features for supervised and semi-supervised heterogeneous domain adaptation},
  author={Li, Wen and Duan, Lixin and Xu, Dong and Tsang, Ivor W},
  journal={IEEE Transactions on Pattern Analysis and Machine Intelligence},
  volume={36},
  number={6},
  pages={1134--1148},
  year={2014}
}

@article{pan2010survey,
  title={A survey on transfer learning},
  author={Pan, Sinno Jialin and Yang, Qiang},
  journal={IEEE Transactions on Knowledge and Data Engineering},
  volume={22},
  number={10},
  pages={1345--1359},
  year={2010}
}

@inproceedings{tzeng2015simultaneous,
  title={Simultaneous deep transfer across domains and tasks},
  author={Tzeng, Eric and Hoffman, Judy and Darrell, Trevor and Saenko, Kate},
  booktitle={IEEE International Conference on Computer Vision},
  pages={4068--4076},
  year={2015}
}

@inproceedings{shrivastava2017learning,
  title={Learning from simulated and unsupervised images through adversarial training},
  author={Shrivastava, Ashish and Pfister, Tomas and Tuzel, Oncel and Susskind, Josh and Wang, Wenda and Webb, Russ},
  booktitle={IEEE Conference on Computer Vision and Pattern Recognition},
  pages={2242--2251},
  year={2017}
}

@article{hoffman2016fcns,
  title={Fcns in the wild: Pixel-level adversarial and constraint-based adaptation},
  author={Hoffman, Judy and Wang, Dequan and Yu, Fisher and Darrell, Trevor},
  journal={arXiv preprint arXiv:1612.02649},
  year={2016}
}

@inproceedings{goodfellow2014generative,
  title={Generative adversarial nets},
  author={Goodfellow, Ian and Pouget-Abadie, Jean and Mirza, Mehdi and Xu, Bing and Warde-Farley, David and Ozair, Sherjil and Courville, Aaron and Bengio, Yoshua},
  booktitle={Advances in Neural Information Processing Systems},
  pages={2672--2680},
  year={2014}
}

@inproceedings{long2013transfer,
  title={Transfer feature learning with joint distribution adaptation},
  author={Long, Mingsheng and Wang, Jianmin and Ding, Guiguang and Sun, Jiaguang and Philip, S Yu},
  booktitle={IEEE International Conference on Computer Vision},
  pages={2200--2207},
  year={2013}
}

@inproceedings{long2015learning,
  title={Learning transferable features with deep adaptation networks},
  author={Long, Mingsheng and Cao, Yue and Wang, Jianmin and Jordan, Michael},
  booktitle={International Conference on Machine Learning},
  pages={97--105},
  year={2015}
}

@inproceedings{ghifary2015domain,
  title={Domain generalization for object recognition with multi-task autoencoders},
  author={Ghifary, Muhammad and Bastiaan Kleijn, W and Zhang, Mengjie and Balduzzi, David},
  booktitle={IEEE International Conference on Computer Vision},
  pages={2551--2559},
  year={2015}
}

@incollection{sun2017correlation,
  title={Correlation alignment for unsupervised domain adaptation},
  author={Sun, Baochen and Feng, Jiashi and Saenko, Kate},
  booktitle={Domain Adaptation in Computer Vision Applications},
  pages={153--171},
  year={2017}
}

@inproceedings{zhuo2017deep,
  title={Deep Unsupervised Convolutional Domain Adaptation},
  author={Zhuo, Junbao and Wang, Shuhui and Zhang, Weigang and Huang, Qingming},
  booktitle={ACM International Conference on Multimedia},
  pages={261--269},
  year={2017}
}

@inproceedings{bhatt2016multi,
  title={Multi-Source Iterative Adaptation for Cross-Domain Classification.},
  author={Bhatt, Himanshu S and Rajkumar, Arun and Roy, Shourya},
  booktitle={International Joint Conference on Artificial Intelligence},
  pages={3691--3697},
  year={2016}
}

@article{rozantsev2018beyond,
  title={Beyond sharing weights for deep domain adaptation},
  author={Rozantsev, Artem and Salzmann, Mathieu and Fua, Pascal},
  journal={IEEE Transactions on Pattern Analysis and Machine Intelligence},
  year={2018}
}

@inproceedings{liu2016coupled,
  title={Coupled generative adversarial networks},
  author={Liu, Ming-Yu and Tuzel, Oncel},
  booktitle={Advances in Neural Information Processing Systems},
  pages={469--477},
  year={2016}
}

@inproceedings{bousmalis2017unsupervised,
  title={Unsupervised pixel-level domain adaptation with generative adversarial networks},
  author={Bousmalis, Konstantinos and Silberman, Nathan and Dohan, David and Erhan, Dumitru and Krishnan, Dilip},
  booktitle={IEEE Conference on Computer Vision and Pattern Recognition},
  pages={3722--3731},
  year={2017}
}

@article{maaten2008visualizing,
  title={Visualizing data using t-SNE},
  author={Maaten, Laurens van der and Hinton, Geoffrey},
  journal={Journal of Machine Learning Research},
  volume={9},
  number={11},
  pages={2579--2605},
  year={2008}
}

@article{shen2017wasserstein,
  title={Wasserstein distance guided representation learning for domain adaptation},
  author={Shen, Jian and Qu, Yanru and Zhang, Weinan and Yu, Yong},
  journal={arXiv preprint arXiv:1707.01217},
  year={2017}
}

@inproceedings{hoffman2018cycada,
  title={CyCADA: Cycle-Consistent Adversarial Domain Adaptation},
  author={Hoffman, Judy and Tzeng, Eric and Park, Taesung and Zhu, Jun-Yan and Isola, Phillip and Saenko, Kate and Efros, Alexei A and Darrell, Trevor},
  booktitle={International Conference on Machine Learning},
  pages={1994--2003},
  year={2018}
}

@inproceedings{zhu2017unpaired,
  title={Unpaired Image-To-Image Translation Using Cycle-Consistent Adversarial Networks},
  author={Zhu, Jun-Yan and Park, Taesung and Isola, Phillip and Efros, Alexei A},
  booktitle={IEEE International Conference on Computer Vision},
  pages={2223--2232},
  year={2017}
}

@inproceedings{kang2018deep,
  title={Deep adversarial attention alignment for unsupervised domain adaptation: the benefit of target expectation maximization},
  author={Kang, Guoliang and Zheng, Liang and Yan, Yan and Yang, Yi},
  booktitle={European Conference on Computer Vision},
  pages={401--416},
  year={2018}
}

@article{ganin2016domain,
  title={Domain-adversarial training of neural networks},
  author={Ganin, Yaroslav and Ustinova, Evgeniya and Ajakan, Hana and Germain, Pascal and Larochelle, Hugo and Laviolette, Fran{\c{c}}ois and Marchand, Mario and Lempitsky, Victor},
  journal={Journal of Machine Learning Research},
  volume={17},
  number={1},
  pages={2096--2030},
  year={2016}
}

@inproceedings{ghifary2016deep,
  title={Deep reconstruction-classification networks for unsupervised domain adaptation},
  author={Ghifary, Muhammad and Kleijn, W Bastiaan and Zhang, Mengjie and Balduzzi, David and Li, Wen},
  booktitle={European Conference on Computer Vision},
  pages={597--613},
  year={2016}
}

@inproceedings{geiger2012we,
  title={Are we ready for autonomous driving? the kitti vision benchmark suite},
  author={Geiger, Andreas and Lenz, Philip and Urtasun, Raquel},
  booktitle={IEEE Conference on Computer Vision and Pattern Recognition},
  pages={3354--3361},
  year={2012}
}

@inproceedings{zhao2019cycleemotiongan,
  title={CycleEmotionGAN: Emotional Semantic Consistency Preserved CycleGAN for Adapting Image Emotions},
  author={Zhao, Sicheng and Lin, Chuang and Xu, Pengfei and Zhao, Sendong and Guo, Yuchen and Krishna, Ravi and Ding, Guiguang and Keutzer, Kurt},
  booktitle={AAAI Conference on Artificial Intelligence},
  pages={2620--2627},
  year={2019}
}

@inproceedings{zhao2020end,
  title={An End-to-End visual-audio attention network for emotion recognition in user-generated videos},
  author={Zhao, Sicheng and Ma, Yunsheng and Gu, Yang and Yang, Jufeng and Xing, Tengfei and Xu, Pengfei and Hu, Runbo and Chai, Hua and Keutzer, Kurt},
  booktitle={AAAI Conference on Artificial Intelligence},
  pages={303--311},
  year={2020}
}

@inproceedings{yue2018lidar,
  title={A lidar point cloud generator: from a virtual world to autonomous driving},
  author={Yue, Xiangyu and Wu, Bichen and Seshia, Sanjit A and Keutzer, Kurt and Sangiovanni-Vincentelli, Alberto L},
  booktitle={ACM International Conference on Multimedia Retrieval},
  pages={458--464},
  year={2018}
}

@inproceedings{saenko2010adapting,
  title={Adapting visual category models to new domains},
  author={Saenko, Kate and Kulis, Brian and Fritz, Mario and Darrell, Trevor},
  booktitle={European Conference on Computer Vision},
  pages={213--226},
  year={2010}
}

@inproceedings{gong2013connecting,
  title={Connecting the dots with landmarks: Discriminatively learning domain-invariant features for unsupervised domain adaptation},
  author={Gong, Boqing and Grauman, Kristen and Sha, Fei},
  booktitle={International Conference on Machine Learning},
  pages={222--230},
  year={2013}
}

@article{griffin2007caltech,
  title={Caltech-256 object category dataset},
  author={Griffin, Gregory and Holub, Alex and Perona, Pietro},
  journal={California Institute of Technology},
  year={2007},
  publisher={California Institute of Technology}
}

@inproceedings{kang2019contrastive,
  title={Contrastive Adaptation Network for Unsupervised Domain Adaptation},
  author={Kang, Guoliang and Jiang, Lu and Yang, Yi and Hauptmann, Alexander G},
  booktitle={IEEE Conference on Computer Vision and Pattern Recognition},
  pages={4893--4902},
  year={2019}
}

@article{lecun1998gradient,
  title={Gradient-based learning applied to document recognition},
  author={LeCun, Yann and Bottou, L{\'e}on and Bengio, Yoshua and Haffner, Patrick and others},
  journal={Proceedings of the IEEE},
  volume={86},
  number={11},
  pages={2278--2324},
  year={1998}
}

@article{hull1994database,
  title={A database for handwritten text recognition research},
  author={Hull, Jonathan J.},
  journal={IEEE Transactions on Pattern Analysis and Machine Intelligence},
  volume={16},
  number={5},
  pages={550--554},
  year={1994}
}

@inproceedings{netzer2011reading,
  title={Reading digits in natural images with unsupervised feature learning},
  author={Netzer, Yuval and Wang, Tao and Coates, Adam and Bissacco, Alessandro and Wu, Bo and Ng, Andrew Y},
  booktitle={Advances in Neural Information Processing Systems Workshops},
  year={2011}
}

@article{peng2017visda,
  title={Visda: The visual domain adaptation challenge},
  author={Peng, Xingchao and Usman, Ben and Kaushik, Neela and Hoffman, Judy and Wang, Dequan and Saenko, Kate},
  journal={arXiv preprint arXiv:1710.06924},
  year={2017}
}

@inproceedings{wu2019squeezesegv2,
  title={Squeezesegv2: Improved model structure and unsupervised domain adaptation for road-object segmentation from a lidar point cloud},
  author={Wu, Bichen and Zhou, Xuanyu and Zhao, Sicheng and Yue, Xiangyu and Keutzer, Kurt},
  booktitle={IEEE International Conference on Robotics and Automation},
  pages={4376--4382},
  year={2019}
}

@inproceedings{chen2017no,
  title={No more discrimination: Cross city adaptation of road scene segmenters},
  author={Chen, Yi-Hsin and Chen, Wei-Yu and Chen, Yu-Ting and Tsai, Bo-Cheng and Frank Wang, Yu-Chiang and Sun, Min},
  booktitle={IEEE International Conference on Computer Vision},
  pages={1992--2001},
  year={2017}
}

@inproceedings{hong2018conditional,
  title={Conditional generative adversarial network for structured domain adaptation},
  author={Hong, Weixiang and Wang, Zhenzhen and Yang, Ming and Yuan, Junsong},
  booktitle={IEEE Conference on Computer Vision and Pattern Recognition},
  pages={1335--1344},
  year={2018}
}

@inproceedings{tsai2018learning,
  title={Learning to adapt structured output space for semantic segmentation},
  author={Tsai, Yi-Hsuan and Hung, Wei-Chih and Schulter, Samuel and Sohn, Kihyuk and Yang, Ming-Hsuan and Chandraker, Manmohan},
  booktitle={IEEE Conference on Computer Vision and Pattern Recognition},
  pages={7472--7481},
  year={2018}
}

@inproceedings{huang2018domain,
  title={Domain transfer through deep activation matching},
  author={Huang, Haoshuo and Huang, Qixing and Krahenbuhl, Philipp},
  booktitle={European Conference on Computer Vision},
  pages={590--605},
  year={2018}
}

@inproceedings{wang2018visual,
  title={Visual Domain Adaptation with Manifold Embedded Distribution Alignment},
  author={Wang, Jindong and Feng, Wenjie and Chen, Yiqiang and Yu, Han and Huang, Meiyu and Yu, Philip S},
  booktitle={ACM International Conference on Multimedia},
  pages={402--410},
  year={2018}
}

@inproceedings{zhang2018fully,
  title={Fully convolutional adaptation networks for semantic segmentation},
  author={Zhang, Yiheng and Qiu, Zhaofan and Yao, Ting and Liu, Dong and Mei, Tao},
  booktitle={IEEE Conference on Computer Vision and Pattern Recognition},
  pages={6810--6818},
  year={2018}
}

@inproceedings{murez2018image,
  title={Image to image translation for domain adaptation},
  author={Murez, Zak and Kolouri, Soheil and Kriegman, David and Ramamoorthi, Ravi and Kim, Kyungnam},
  booktitle={IEEE Conference on Computer Vision and Pattern Recognition},
  pages={4500--4509},
  year={2018}
}

@inproceedings{saito2018maximum,
  title={Maximum classifier discrepancy for unsupervised domain adaptation},
  author={Saito, Kuniaki and Watanabe, Kohei and Ushiku, Yoshitaka and Harada, Tatsuya},
  booktitle={IEEE Conference on Computer Vision and Pattern Recognition},
  pages={3723--3732},
  year={2018}
}

@inproceedings{chen2018road,
  title={Road: Reality oriented adaptation for semantic segmentation of urban scenes},
  author={Chen, Yuhua and Li, Wen and Van Gool, Luc},
  booktitle={IEEE Conference on Computer Vision and Pattern Recognition},
  pages={7892--7901},
  year={2018}
}

@inproceedings{ros2016synthia,
  title={The synthia dataset: A large collection of synthetic images for semantic segmentation of urban scenes},
  author={Ros, German and Sellart, Laura and Materzynska, Joanna and Vazquez, David and Lopez, Antonio M},
  booktitle={IEEE Conference on Computer Vision and Pattern Recognition},
  pages={3234--3243},
  year={2016}
}

@inproceedings{richter2016playing,
  title={Playing for data: Ground truth from computer games},
  author={Richter, Stephan R and Vineet, Vibhav and Roth, Stefan and Koltun, Vladlen},
  booktitle={European Conference on Computer Vision},
  pages={102--118},
  year={2016}
}

@inproceedings{zhang2015appearance,
  title={Appearance-based gaze estimation in the wild},
  author={Zhang, Xucong and Sugano, Yusuke and Fritz, Mario and Bulling, Andreas},
  booktitle={IEEE Conference on Computer Vision and Pattern Recognition},
  pages={4511--4520},
  year={2015}
}

@article{tompson2014real,
  title={Real-time continuous pose recovery of human hands using convolutional networks},
  author={Tompson, Jonathan and Stein, Murphy and Lecun, Yann and Perlin, Ken},
  journal={ACM Transactions on Graphics},
  volume={33},
  number={5},
  pages={169},
  year={2014}
}

@inproceedings{ganin2015unsupervised,
  title={Unsupervised Domain Adaptation by Backpropagation},
  author={Ganin, Yaroslav and Lempitsky, Victor},
  booktitle={International Conference on Machine Learning},
  pages={1180--1189},
  year={2015}
}

@article{arbelaez2011contour,
  title={Contour detection and hierarchical image segmentation},
  author={Arbelaez, Pablo and Maire, Michael and Fowlkes, Charless and Malik, Jitendra},
  journal={IEEE Transactions on Pattern Analysis and Machine Intelligence},
  volume={33},
  number={5},
  pages={898--916},
  year={2011}
}

@article{yu2018bdd100k,
  title={BDD100K: A diverse driving video database with scalable annotation tooling},
  author={Yu, Fisher and Xian, Wenqi and Chen, Yingying and Liu, Fangchen and Liao, Mike and Madhavan, Vashisht and Darrell, Trevor},
  journal={arXiv preprint arXiv:1805.04687},
  year={2018}
}

@inproceedings{bousmalis2016domain,
  title={Domain separation networks},
  author={Bousmalis, Konstantinos and Trigeorgis, George and Silberman, Nathan and Krishnan, Dilip and Erhan, Dumitru},
  booktitle={Advances in Neural Information Processing Systems},
  pages={343--351},
  year={2016}
}

@inproceedings{xu2018deep,
  title={Deep cocktail network: Multi-source unsupervised domain adaptation with category shift},
  author={Xu, Ruijia and Chen, Ziliang and Zuo, Wangmeng and Yan, Junjie and Lin, Liang},
  booktitle={IEEE Conference on Computer Vision and Pattern Recognition},
  pages={3964--3973},
  year={2018}
}

@inproceedings{zhao2018adversarial,
  title={Adversarial multiple source domain adaptation},
  author={Zhao, Han and Zhang, Shanghang and Wu, Guanhang and Moura, Jos{\'e} MF and Costeira, Joao P and Gordon, Geoffrey J},
  booktitle={Advances in Neural Information Processing Systems},
  pages={8568--8579},
  year={2018}
}

@inproceedings{peng2019moment,
  title={Moment Matching for Multi-Source Domain Adaptation},
  author={Peng, Xingchao and Bai, Qinxun and Xia, Xide and Huang, Zijun and Saenko, Kate and Wang, Bo},
  booktitle={IEEE International Conference on Computer Vision},
  pages={1406--1415},
  year={2019}
}

@inproceedings{zhang2018importance,
  title={Importance weighted adversarial nets for partial domain adaptation},
  author={Zhang, Jing and Ding, Zewei and Li, Wanqing and Ogunbona, Philip},
  booktitle={IEEE Conference on Computer Vision and Pattern Recognition},
  pages={8156--8164},
  year={2018}
}

@inproceedings{cao2018partial,
  title={Partial transfer learning with selective adversarial networks},
  author={Cao, Zhangjie and Long, Mingsheng and Wang, Jianmin and Jordan, Michael I},
  booktitle={IEEE Conference on Computer Vision and Pattern Recognition},
  pages={2724--2732},
  year={2018}
}

@inproceedings{panareda2017open,
  title={Open set domain adaptation},
  author={Panareda Busto, Pau and Gall, Juergen},
  booktitle={IEEE International Conference on Computer Vision},
  pages={754--763},
  year={2017}
}

@inproceedings{saito2018open,
  title={Open set domain adaptation by backpropagation},
  author={Saito, Kuniaki and Yamamoto, Shohei and Ushiku, Yoshitaka and Harada, Tatsuya},
  booktitle={European Conference on Computer Vision},
  pages={153--168},
  year={2018}
}

@article{yu2018multi,
  title={Multi-target Unsupervised Domain Adaptation without Exactly Shared Categories},
  author={Yu, Huanhuan and Hu, Menglei and Chen, Songcan},
  journal={arXiv preprint arXiv:1809.00852},
  year={2018}
}

@article{gholami2020unsupervised,
  title={Unsupervised multi-target domain adaptation: An information theoretic approach},
  author={Gholami, Behnam and Sahu, Pritish and Rudovic, Ognjen and Bousmalis, Konstantinos and Pavlovic, Vladimir},
  journal={IEEE Transactions on Image Processing},
  volume={29},
  pages={3993--4002},
  year={2020}
}

@inproceedings{muandet2013domain,
  title={Domain generalization via invariant feature representation},
  author={Muandet, Krikamol and Balduzzi, David and Sch{\"o}lkopf, Bernhard},
  booktitle={International Conference on Machine Learning},
  pages={10--18},
  year={2013}
}

@inproceedings{li2018learning,
  title={Learning to generalize: Meta-learning for domain generalization},
  author={Li, Da and Yang, Yongxin and Song, Yi-Zhe and Hospedales, Timothy M},
  booktitle={AAAI Conference on Artificial Intelligence},
  year={2018}
}

@inproceedings{li2018domain,
  title={Domain generalization with adversarial feature learning},
  author={Li, Haoliang and Jialin Pan, Sinno and Wang, Shiqi and Kot, Alex C},
  booktitle={IEEE Conference on Computer Vision and Pattern Recognition},
  pages={5400--5409},
  year={2018}
}

@inproceedings{venkateswara2017deep,
  title={Deep hashing network for unsupervised domain adaptation},
  author={Venkateswara, Hemanth and Eusebio, Jose and Chakraborty, Shayok and Panchanathan, Sethuraman},
  booktitle={IEEE Conference on Computer Vision and Pattern Recognition},
  pages={5018--5027},
  year={2017}
}

@article{chattopadhyay2012multisource,
  title={Multisource domain adaptation and its application to early detection of fatigue},
  author={Chattopadhyay, Rita and Sun, Qian and Fan, Wei and Davidson, Ian and Panchanathan, Sethuraman and Ye, Jieping},
  journal={ACM Transactions on Knowledge Discovery from Data},
  volume={6},
  number={4},
  pages={18},
  year={2012}
}

@inproceedings{sun2011two,
  title={A two-stage weighting framework for multi-source domain adaptation},
  author={Sun, Qian and Chattopadhyay, Rita and Panchanathan, Sethuraman and Ye, Jieping},
  booktitle={Advances in Neural Information Processing Systems},
  pages={505--513},
  year={2011}
}

@inproceedings{duan2009domain,
  title={Domain adaptation from multiple sources via auxiliary classifiers},
  author={Duan, Lixin and Tsang, Ivor W and Xu, Dong and Chua, Tat-Seng},
  booktitle={International Conference on Machine Learning},
  pages={289--296},
  year={2009}
}

@article{duan2012domain,
  title={Domain adaptation from multiple sources: A domain-dependent regularization approach},
  author={Duan, Lixin and Xu, Dong and Tsang, Ivor Wai-Hung},
  journal={IEEE Transactions on Neural Networks and Learning Systems},
  volume={23},
  number={3},
  pages={504--518},
  year={2012}
}

@inproceedings{duan2012exploiting,
  title={Exploiting web images for event recognition in consumer videos: A multiple source domain adaptation approach},
  author={Duan, Lixin and Xu, Dong and Chang, Shih-Fu},
  booktitle={IEEE Conference on Computer Vision and Pattern Recognition},
  pages={1338--1345},
  year={2012}
}

@inproceedings{yang2007cross,
  title={Cross-domain video concept detection using adaptive svms},
  author={Yang, Jun and Yan, Rong and Hauptmann, Alexander G},
  booktitle={ACM International Conference on Multimedia},
  pages={188--197},
  year={2007}
}

@inproceedings{schweikert2009empirical,
  title={An empirical analysis of domain adaptation algorithms for genomic sequence analysis},
  author={Schweikert, Gabriele and R{\"a}tsch, Gunnar and Widmer, Christian and Sch{\"o}lkopf, Bernhard},
  booktitle={Advances in Neural Information Processing Systems},
  pages={1433--1440},
  year={2009}
}

@inproceedings{sun2013bayesian,
  title={Bayesian multi-source domain adaptation},
  author={Sun, Shi-Liang and Shi, Hong-Lei},
  booktitle={International Conference on Machine Learning and Cybernetics},
  volume={1},
  pages={24--28},
  year={2013}
}

@inproceedings{xu2012multi,
  title={Multi-source transfer learning with multi-view adaboost},
  author={Xu, Zhijie and Sun, Shiliang},
  booktitle={ International Conference on Neural Information Processing},
  pages={332--339},
  year={2012}
}

@inproceedings{huang2007correcting,
  title={Correcting sample selection bias by unlabeled data},
  author={Huang, Jiayuan and Gretton, Arthur and Borgwardt, Karsten M and Sch{\"o}lkopf, Bernhard and Smola, Alex J},
  booktitle={Advances in Neural Information Processing Systems},
  pages={601--608},
  year={2007}
}

@inproceedings{gopalan2011domain,
  title={Domain adaptation for object recognition: An unsupervised approach},
  author={Gopalan, Raghuraman and Li, Ruonan and Chellappa, Rama},
  booktitle={IEEE International Conference on Computer Vision},
  pages={999--1006},
  year={2011}
}

@inproceedings{gong2012geodesic,
  title={Geodesic flow kernel for unsupervised domain adaptation},
  author={Gong, Boqing and Shi, Yuan and Sha, Fei and Grauman, Kristen},
  booktitle={IEEE Conference on Computer Vision and Pattern Recognition},
  pages={2066--2073},
  year={2012}
}

@article{gopalan2014unsupervised,
  title={Unsupervised adaptation across domain shifts by generating intermediate data representations},
  author={Gopalan, Raghuraman and Li, Ruonan and Chellappa, Rama},
  journal={IEEE Transactions on Pattern Analysis and Machine Intelligence},
  volume={36},
  number={11},
  pages={2288--2302},
  year={2014}
}

@inproceedings{ni2013subspace,
  title={Subspace interpolation via dictionary learning for unsupervised domain adaptation},
  author={Ni, Jie and Qiu, Qiang and Chellappa, Rama},
  booktitle={IEEE Conference on Computer Vision and Pattern Recognition},
  pages={692--699},
  year={2013}
}

@inproceedings{fernando2013unsupervised,
  title={Unsupervised visual domain adaptation using subspace alignment},
  author={Fernando, Basura and Habrard, Amaury and Sebban, Marc and Tuytelaars, Tinne},
  booktitle={IEEE International Conference on Computer Vision},
  pages={2960--2967},
  year={2013}
}

@inproceedings{tobin2017domain,
  title={Domain randomization for transferring deep neural networks from simulation to the real world},
  author={Tobin, Josh and Fong, Rachel and Ray, Alex and Schneider, Jonas and Zaremba, Wojciech and Abbeel, Pieter},
  booktitle={IEEE/RSJ International Conference on Intelligent Robots and Systems},
  pages={23--30},
  year={2017}
}

@article{gao20123,
  title={3-D object retrieval and recognition with hypergraph analysis},
  author={Gao, Yue and Wang, Meng and Tao, Dacheng and Ji, Rongrong and Dai, Qionghai},
  journal={IEEE Transactions on Image Processing},
  volume={21},
  number={9},
  pages={4290--4303},
  year={2012}
}

@inproceedings{zhao2014affective,
  title={Affective image retrieval via multi-graph learning},
  author={Zhao, Sicheng and Yao, Hongxun and Yang, You and Zhang, Yanhao},
  booktitle={ACM International Conference on Multimedia},
  pages={1025--1028},
  year={2014}
}

@article{soleymani2012multimodal,
  title={A multimodal database for affect recognition and implicit tagging},
  author={Soleymani, Mohammad and Lichtenauer, Jeroen and Pun, Thierry and Pantic, Maja},
  journal={IEEE Transactions on Affective Computing},
  volume={3},
  number={1},
  pages={42--55}
}

@article{shekhar2013joint,
  title={Joint sparse representation for robust multimodal biometrics recognition},
  author={Shekhar, Sumit and Patel, Vishal M and Nasrabadi, Nasser M and Chellappa, Rama},
  journal={IEEE Transactions on Pattern Analysis and Machine Intelligence},
  volume={36},
  number={1},
  pages={113--126},
  year={2013}
}

@inproceedings{kipf2017semi,
  author={Kipf, Thomas N and Welling, Max},
  title={Semi-Supervised Classification with Graph Convolutional Networks},
  booktitle={International Conference on Learning Representations},
  year={2017}
}

@inproceedings{guo2018multi,
  title={Multi-Source Domain Adaptation with Mixture of Experts},
  author={Guo, Jiang and Shah, Darsh and Barzilay, Regina},
  booktitle={Conference on Empirical Methods on Natural Language Processing},
  pages={4694--4703},
  year={2018}
}

@inproceedings{vondrick2016generating,
  title={Generating videos with scene dynamics},
  author={Vondrick, Carl and Pirsiavash, Hamed and Torralba, Antonio},
  booktitle={Advances in Neural Information Processing Systems},
  pages={613--621},
  year={2016}
}

@inproceedings{tulyakov2018mocogan,
  title={Mocogan: Decomposing motion and content for video generation},
  author={Tulyakov, Sergey and Liu, Ming-Yu and Yang, Xiaodong and Kautz, Jan},
  booktitle={IEEE Conference on Computer Vision and Pattern Recognition},
  pages={1526--1535},
  year={2018}
}

@inproceedings{wang2018vid2vid,
   author={Ting-Chun Wang and Ming-Yu Liu and Jun-Yan Zhu and Guilin Liu and Andrew Tao and Jan Kautz and Bryan Catanzaro},
   title={Video-to-Video Synthesis},
   booktitle={Advances in Neural Information Processing Systems},
   pages={1144--1156},
   year={2018},
}

@inproceedings{lai2018learning,
  title={Learning blind video temporal consistency},
  author={Lai, Wei-Sheng and Huang, Jia-Bin and Wang, Oliver and Shechtman, Eli and Yumer, Ersin and Yang, Ming-Hsuan},
  booktitle={European Conference on Computer Vision},
  pages={170--185},
  year={2018}
}

@article{vinciarelli2014survey,
  title={A survey of personality computing},
  author={Vinciarelli, Alessandro and Mohammadi, Gelareh},
  journal={IEEE Transactions on Affective Computing},
  volume={5},
  number={3},
  pages={273--291},
  year={2014}
}

@article{joshi2011aesthetics,
  title={Aesthetics and emotions in images},
  author={Joshi, Dhiraj and Datta, Ritendra and Fedorovskaya, Elena and Luong, Quang-Tuan and Wang, James Z and Li, Jia and Luo, Jiebo},
  journal={IEEE Signal Processing Magazine},
  volume={28},
  number={5},
  pages={94--115},
  year={2011}
}

@inproceedings{zhao2018affective,
  title={Affective Image Content Analysis: A Comprehensive Survey},
  author={Zhao, Sicheng and Ding, Guiguang and Huang, Qingming and Chua, Tat-Seng and Schuller, Bj{\"o}rn W and Keutzer, Kurt},
  booktitle={International Joint Conference on Artificial Intelligence},
  pages={5534--5541},
  year={2018}
}

@article{kirkpatrick2017overcoming,
  title={Overcoming catastrophic forgetting in neural networks},
  author={Kirkpatrick, James and Pascanu, Razvan and Rabinowitz, Neil and Veness, Joel and Desjardins, Guillaume and Rusu, Andrei A and Milan, Kieran and Quan, John and Ramalho, Tiago and Grabska-Barwinska, Agnieszka and others},
  journal={Proceedings of the National Academy of Sciences of the United States of America},
  volume={114},
  number={13},
  pages={3521--3526},
  year={2017}
}

@inproceedings{zenke2017continual,
  title={Continual learning through synaptic intelligence},
  author={Zenke, Friedemann and Poole, Ben and Ganguli, Surya},
  booktitle={International Conference on Machine Learning},
  pages={3987--3995},
  year={2017}
}

@inproceedings{lee2017overcoming,
  title={Overcoming catastrophic forgetting by incremental moment matching},
  author={Lee, Sang-Woo and Kim, Jin-Hwa and Jun, Jaehyun and Ha, Jung-Woo and Zhang, Byoung-Tak},
  booktitle={Advances in Neural Information Processing Systems},
  pages={4652--4662},
  year={2017}
}

@inproceedings{wu2019ace,
  title={Ace: Adapting to changing environments for semantic segmentation},
  author={Wu, Zuxuan and Wang, Xin and Gonzalez, Joseph E and Goldstein, Tom and Davis, Larry S},
  booktitle={IEEE International Conference on Computer Vision},
  pages={2121--2130},
  year={2019}
}


@article{wang2018dataset,
  title={Dataset Distillation},
  author={Wang, Tongzhou and Zhu, Jun-Yan and Torralba, Antonio and Efros, Alexei A},
  journal={arXiv preprint arXiv:1811.10959},
  year={2018}
}


@inproceedings{jacobsen2018revnet,
  title={i-RevNet: Deep Invertible Networks},
  author={Jacobsen, J{\"o}rn-Henrik and Smeulders, Arnold and Oyallon, Edouard},
  booktitle={International Conference on Learning Representations},
  year={2018}
}

@inproceedings{ardizzone2019analyzing,
  title={Analyzing inverse problems with invertible neural networks},
  author={Ardizzone, Lynton and Kruse, Jakob and Wirkert, Sebastian and Rahner, Daniel and Pellegrini, Eric W and Klessen, Ralf S and Maier-Hein, Lena and Rother, Carsten and K{\"o}the, Ullrich},
  booktitle={International Conference on Learning Representations},
  year={2019}
}

@article{zhao2020multi,
  title={Multi-source Domain Adaptation in the Deep Learning Era: A Systematic Survey},
  author={Zhao, Sicheng and Li, Bo and Reed, Colorado and Xu, Pengfei and Keutzer, Kurt},
  journal={arXiv preprint arXiv:2002.12169},
  year={2020}
}


@article{kouw2019review,
  title={A review of domain adaptation without target labels},
  author={Kouw, Wouter Marco and Loog, Marco},
  journal={IEEE Transactions on Pattern Analysis and Machine Intelligence},
  year={2019}
}

@article{zhao2020review,
  title={A Review of Single-Source Deep Unsupervised Visual Domain Adaptation},
  author={Zhao, Sicheng and Yue, Xiangyu and Zhang, Shanghang and Li, Bo and Zhao, Han and Wu, Bichen and Krishna, Ravi and Gonzalez, Joseph E and Sangiovanni-Vincentelli, Alberto L and Seshia, Sanjit A and Keutzer, Kurt},
  journal={IEEE Transactions on Neural Networks and Learning Systems},
  year={2020}
}

@article{zhang2019transfer,
  title={Transfer adaptation learning: A decade survey},
  author={Zhang, Lei},
  journal={arXiv preprint arXiv:1903.04687},
  year={2019}
}

@article{wang2018deep,
  title={Deep visual domain adaptation: A survey},
  author={Wang, Mei and Deng, Weihong},
  journal={Neurocomputing},
  volume={312},
  pages={135--153},
  year={2018}
}

@inproceedings{tan2018survey,
  title={A survey on deep transfer learning},
  author={Tan, Chuanqi and Sun, Fuchun and Kong, Tao and Zhang, Wenchang and Yang, Chao and Liu, Chunfang},
  booktitle={International Conference on Artificial Neural Networks},
  pages={270--279},
  year={2018}
}

@inproceedings{zhao2015predicting,
  title={Predicting continuous probability distribution of image emotions in valence-arousal space},
  author={Zhao, Sicheng and Yao, Hongxun and Jiang, Xiaolei},
  booktitle={ACM International Conference on Multimedia},
  pages={879--882},
  year={2015}
}

@article{wilson2018survey,
  title={A Survey of Unsupervised Deep Domain Adaptation},
  author={Wilson, Garrett and Cook, Diane J},
  journal={arXiv preprint arXiv:1812.02849},
  year={2018}
}

@inproceedings{zhao2018emotiongan,
  title={EmotionGAN: unsupervised domain adaptation for learning discrete probability distributions of image emotions},
  author={Zhao, Sicheng and Zhao, Xin and Ding, Guiguang and Keutzer, Kurt},
  booktitle={ACM International Conference on Multimedia},
  pages={1319--1327},
  year={2018}
}

@inproceedings{pan2019transferrable,
  title={Transferrable prototypical networks for unsupervised domain adaptation},
  author={Pan, Yingwei and Yao, Ting and Li, Yehao and Wang, Yu and Ngo, Chong-Wah and Mei, Tao},
  booktitle={IEEE Conference on Computer Vision and Pattern Recognition},
  pages={2239--2247},
  year={2019}
}

@article{hu2020panda,
  title={PANDA: Prototypical Unsupervised Domain Adaptation},
  author={Hu, Dapeng and Liang, Jian and Hou, Qibin and Yan, Hanshu and Chen, Yunpeng and Yan, Shuicheng and Feng, Jiashi},
  journal={arXiv preprint arXiv:2003.13274},
  year={2020}
}

@inproceedings{carlucci2019domain,
  title={Domain generalization by solving jigsaw puzzles},
  author={Carlucci, Fabio M and D'Innocente, Antonio and Bucci, Silvia and Caputo, Barbara and Tommasi, Tatiana},
  booktitle={IEEE Conference on Computer Vision and Pattern Recognition},
  pages={2229--2238},
  year={2019}
}


@article{sun2019unsupervised,
  title={Unsupervised Domain Adaptation through Self-Supervision},
  author={Sun, Yu and Tzeng, Eric and Darrell, Trevor and Efros, Alexei A},
  journal={arXiv preprint arXiv:1909.11825},
  year={2019}
}

@inproceedings{zou2018unsupervised,
  title={Unsupervised domain adaptation for semantic segmentation via class-balanced self-training},
  author={Zou, Yang and Yu, Zhiding and Vijaya Kumar, BVK and Wang, Jinsong},
  booktitle={European Conference on Computer Vision},
  pages={289--305},
  year={2018}
}

@inproceedings{zou2019confidence,
  title={Confidence regularized self-training},
  author={Zou, Yang and Yu, Zhiding and Liu, Xiaofeng and Kumar, BVK and Wang, Jinsong},
  booktitle={IEEE International Conference on Computer Vision},
  pages={5982--5991},
  year={2019}
}


@inproceedings{laine2017temporal,
  title={Temporal ensembling for semi-supervised learning},
  author={Laine, Samuli and Aila, Timo},
  booktitle={International Conference on Learning Representations},
  year={2017}
}

@inproceedings{tarvainen2017mean,
  title={Mean teachers are better role models: Weight-averaged consistency targets improve semi-supervised deep learning results},
  author={Tarvainen, Antti and Valpola, Harri},
  booktitle={Advances in Neural Information Processing Systems},
  pages={1195--1204},
  year={2017}
}

@inproceedings{french2018self,
  title={Self-ensembling for visual domain adaptation},
  author={French, Geoffrey and Mackiewicz, Michal and Fisher, Mark},
  booktitle={International Conference on Learning Representations},
  year={2018}
}


@inproceedings{athiwaratkun2019there,
  title={There are many consistent explanations of unlabeled data: Why you should average},
  author={Athiwaratkun, Ben and Finzi, Marc and Izmailov, Pavel and Wilson, Andrew Gordon},
  booktitle={International Conference on Learning Representations},
  year={2019}
}

@article{tzeng2018splat,
  title={SPLAT: semantic pixel-level adaptation transforms for detection},
  author={Tzeng, Eric and Burns, Kaylee and Saenko, Kate and Darrell, Trevor},
  journal={arXiv preprint arXiv:1812.00929},
  year={2018}
}

@inproceedings{chen2018domain,
  title={Domain adaptive faster r-cnn for object detection in the wild},
  author={Chen, Yuhua and Li, Wen and Sakaridis, Christos and Dai, Dengxin and Van Gool, Luc},
  booktitle={IEEE Conference on Computer Vision and Pattern Recognition},
  pages={3339--3348},
  year={2018}
}

@inproceedings{gholami2018novel,
  title={A novel domain adaptation framework for medical image segmentation},
  author={Gholami, Amir and Subramanian, Shashank and Shenoy, Varun and Himthani, Naveen and Yue, Xiangyu and Zhao, Sicheng and Jin, Peter and Biros, George and Keutzer, Kurt},
  booktitle={International MICCAI Brainlesion Workshop},
  pages={289--298},
  year={2018}
}

@article{yan2019edge,
  title={Edge-Guided Output Adaptor: Highly Efficient Adaptation Module for Cross-Vendor Medical Image Segmentation},
  author={Yan, Wenjun and Wang, Yuanyuan and Xia, Menghua and Tao, Qian},
  journal={IEEE Signal Processing Letters},
  volume={26},
  number={11},
  pages={1593--1597},
  year={2019}
}

@inproceedings{bateson2019constrained,
  title={Constrained domain adaptation for segmentation},
  author={Bateson, Mathilde and Kervadec, Hoel and Dolz, Jose and Lombaert, Herv{\'e} and Ayed, Ismail Ben},
  booktitle={International Conference on Medical Image Computing and Computer-Assisted Intervention},
  pages={326--334},
  year={2019}
}

@article{ballester2019semi,
  title={Semi-supervised learning methods for unsupervised domain adaptation in medical imaging segmentation},
  author={Ballester, Pedro Lemos},
  journal={Pontif{\'\i}cia Universidade Cat{\'o}lica do Rio Grande do Sul},
  year={2019},
  publisher={Pontif{\'\i}cia Universidade Cat{\'o}lica do Rio Grande do Sul}
}

@inproceedings{long2017deep,
  title={Deep transfer learning with joint adaptation networks},
  author={Long, Mingsheng and Zhu, Han and Wang, Jianmin and Jordan, Michael I},
  booktitle={ International Conference on Machine Learning},
  pages={2208--2217},
  year={2017}
}

@inproceedings{boopathy2019cnn,
  title={Cnn-cert: An efficient framework for certifying robustness of convolutional neural networks},
  author={Boopathy, Akhilan and Weng, Tsui-Wei and Chen, Pin-Yu and Liu, Sijia and Daniel, Luca},
  booktitle={AAAI Conference on Artificial Intelligence},
  pages={3240--3247},
  year={2019}
}

@inproceedings{weng2018towards,
  title={Towards Fast Computation of Certified Robustness for ReLU Networks},
  author={Weng, Lily and Zhang, Huan and Chen, Hongge and Song, Zhao and Hsieh, Cho-Jui and Daniel, Luca and Boning, Duane and Dhillon, Inderjit},
  booktitle={International Conference on Machine Learning},
  pages={5276--5285},
  year={2018}
}

@inproceedings{long2018conditional,
  title={Conditional adversarial domain adaptation},
  author={Long, Mingsheng and Cao, Zhangjie and Wang, Jianmin and Jordan, Michael I},
  booktitle={Advances in Neural Information Processing Systems},
  pages={1640--1650},
  year={2018}
}

@inproceedings{zhao2019learning,
  title={On Learning Invariant Representations for Domain Adaptation},
  author={Zhao, Han and Des Combes, Remi Tachet and Zhang, Kun and Gordon, Geoffrey},
  booktitle={International Conference on Machine Learning},
  pages={7523--7532},
  year={2019}
}

@inproceedings{adel2017unsupervised,
  title={Unsupervised domain adaptation with a relaxed covariate shift assumption},
  author={Adel, Tameem and Zhao, Han and Wong, Alexander},
  booktitle={AAAI Conference on Artificial Intelligence},
  year={2017}
}

@article{sugiyama2007covariate,
  title={Covariate shift adaptation by importance weighted cross validation},
  author={Sugiyama, Masashi and Krauledat, Matthias and M{\~A}{\v{z}}ller, Klaus-Robert},
  journal={Journal of Machine Learning Research},
  volume={8},
  number={May},
  pages={985--1005},
  year={2007}
}

@inproceedings{yu2012analysis,
  title={Analysis of kernel mean matching under covariate shift},
  author={Yu, Yao-Liang and Szepesv{\'a}ri, Csaba},
  booktitle={International Conference on Machine Learning},
  pages={1147--1154},
  year={2012}
}

@inproceedings{lipton2018detecting,
  title={Detecting and Correcting for Label Shift with Black Box Predictors},
  author={Lipton, Zachary and Wang, Yu-Xiang and Smola, Alexander},
  booktitle={International Conference on Machine Learning},
  pages={3122--3130},
  year={2018}
}

@article{gretton2009covariate,
  title={Covariate shift by kernel mean matching},
  author={Gretton, Arthur and Smola, Alex and Huang, Jiayuan and Schmittfull, Marcel and Borgwardt, Karsten and Sch{\"o}lkopf, Bernhard},
  journal={Dataset Shift in Machine Learning},
  volume={3},
  number={4},
  pages={5},
  year={2009}
}

@article{tan2019generalized,
  title={Generalized Domain Adaptation with Covariate and Label Shift CO-ALignment},
  author={Tan, Shuhan and Peng, Xingchao and Saenko, Kate},
  journal={arXiv preprint arXiv:1910.10320},
  year={2019}
}

@inproceedings{azizzadenesheli2019regularized,
  title={Regularized learning for domain adaptation under label shifts},
  author={Azizzadenesheli, Kamyar and Liu, Anqi and Yang, Fanny and Anandkumar, Animashree},
  booktitle={International Conference on Learning Representations},
  year={2019}
}

@article{combes2020domain,
  title={Domain Adaptation with Conditional Distribution Matching and Generalized Label Shift},
  author={Combes, Remi Tachet des and Zhao, Han and Wang, Yu-Xiang and Gordon, Geoff},
  journal={arXiv preprint arXiv:2003.04475},
  year={2020}
}

@inproceedings{li2019target,
  title={On Target Shift in Adversarial Domain Adaptation},
  author={Li, Yitong and Murias, Michael and Major, Samantha and Dawson, Geraldine and Carlson, David},
  booktitle={International Conference on Artificial Intelligence and Statistics},
  pages={616--625},
  year={2019}
}

@inproceedings{bromley1994signature,
  title={Signature verification using a" siamese" time delay neural network},
  author={Bromley, Jane and Guyon, Isabelle and LeCun, Yann and S{\"a}ckinger, Eduard and Shah, Roopak},
  booktitle={Advances in Neural Information Processing Systems},
  pages={737--744},
  year={1994}
}

@inproceedings{koch2015siamese,
  title={Siamese neural networks for one-shot image recognition},
  author={Koch, Gregory and Zemel, Richard and Salakhutdinov, Ruslan},
  booktitle={ICML Deep Learning Workshop},
  year={2015}
}

@inproceedings{saito2019semi,
  title={Semi-supervised domain adaptation via minimax entropy},
  author={Saito, Kuniaki and Kim, Donghyun and Sclaroff, Stan and Darrell, Trevor and Saenko, Kate},
  booktitle={IEEE International Conference on Computer Vision},
  pages={8050--8058},
  year={2019}
}

@inproceedings{liu2017unsupervised,
  title={Unsupervised image-to-image translation networks},
  author={Liu, Ming-Yu and Breuel, Thomas and Kautz, Jan},
  booktitle={Advances in neural information processing systems},
  pages={700--708},
  year={2017}
}

@inproceedings{sankaranarayanan2018generate,
  title={Generate to adapt: Aligning domains using generative adversarial networks},
  author={Sankaranarayanan, Swami and Balaji, Yogesh and Castillo, Carlos D and Chellappa, Rama},
  booktitle={IEEE Conference on Computer Vision and Pattern Recognition},
  pages={8503--8512},
  year={2018}
}

@inproceedings{russo2018source,
  title={From source to target and back: symmetric bi-directional adaptive gan},
  author={Russo, Paolo and Carlucci, Fabio M and Tommasi, Tatiana and Caputo, Barbara},
  booktitle={IEEE Conference on Computer Vision and Pattern Recognition},
  pages={8099--8108},
  year={2018}
}

@inproceedings{tran2019gotta,
  title={Gotta Adapt'Em All: Joint Pixel and Feature-Level Domain Adaptation for Recognition in the Wild},
  author={Tran, Luan and Sohn, Kihyuk and Yu, Xiang and Liu, Xiaoming and Chandraker, Manmohan},
  booktitle={IEEE Conference on Computer Vision and Pattern Recognition},
  pages={2672--2681},
  year={2019}
}

@inproceedings{li2019cycle,
  title={Cycle-consistent Conditional Adversarial Transfer Networks},
  author={Li, Jingjing and Chen, Erpeng and Ding, Zhengming and Zhu, Lei and Lu, Ke and Huang, Zi},
  booktitle={ACM International Conference on Multimedia},
  pages={747--755},
  year={2019}
}


@article{du2020dual,
  title={Dual Adversarial Domain Adaptation},
  author={Du, Yuntao and Tan, Zhiwen and Chen, Qian and Zhang, Xiaowen and Yao, Yirong and Wang, Chongjun},
  journal={arXiv preprint arXiv:2001.00153},
  year={2020}
}


%SHZ
@inproceedings{kang2018transferable,
  title={Transferable Meta Learning Across Domains},
  author={Kang, Bingyi and Feng, Jiashi},
  booktitle={Conference on Uncertainty in Artificial Intelligence},
  pages={177--187},
  year={2018}
}

%SHZ
@inproceedings{peng2019federated,
  title={Federated Adversarial Domain Adaptation},
  author={Peng, Xingchao and Huang, Zijun and Zhu, Yizhe and Saenko, Kate},
  booktitle={International Conference on Learning Representations},
  year={2020}
}

%SHZ
@article{zhang2019domain,
  title={Domain-Aware Dynamic Networks},
  author={Zhang, Tianyuan and Wu, Bichen and Wang, Xin and Gonzalez, Joseph and Keutzer, Kurt},
  journal={arXiv preprint arXiv:1911.13237},
  year={2019}
}

@inproceedings{he2016deep,
  title={Deep residual learning for image recognition},
  author={He, Kaiming and Zhang, Xiangyu and Ren, Shaoqing and Sun, Jian},
  booktitle={IEEE Conference on Computer Vision and Pattern Recognition},
  pages={770--778},
  year={2016}
}

@inproceedings{long2015fully,
  title={Fully convolutional networks for semantic segmentation},
  author={Long, Jonathan and Shelhamer, Evan and Darrell, Trevor},
  booktitle={IEEE Conference on Computer Vision and Pattern Recognition},
  pages={3431--3440},
  year={2015}
}

@inproceedings{hoffman2018algorithms,
  title={Algorithms and theory for multiple-source adaptation},
  author={Hoffman, Judy and Mohri, Mehryar and Zhang, Ningshan},
  booktitle={Advances in Neural Information Processing Systems},
  pages={8246--8256},
  year={2018}
}

@inproceedings{zhao2019multi,
  title={Multi-source Domain Adaptation for Semantic Segmentation},
  author={Zhao, Sicheng and Li, Bo and Yue, Xiangyu and Gu, Yang and Xu, Pengfei and Hu, Runbo and Chai, Hua and Keutzer, Kurt},
  booktitle={Advances in Neural Information Processing Systems},
  pages={7285--7298},
  year={2019}
}

@inproceedings{zhao2020distilling,
  title={Multi-source Distilling Domain Adaptation},
  author={Zhao, Sicheng and Wang, Guangzhi and Zhang, Shanghang and Gu, Yang and Li, Yaxian and Song, Zhichao and Xu, Pengfei and Hu, Runbo and Chai, Hua and Keutzer, Kurt},
  booktitle={AAAI Conference on Artificial Intelligence},
  pages={12975--12983},
  year={2020}
}

@inproceedings{lin2020multi,
  title={Multi-source Domain Adaptation for Visual Sentiment Classification},
  author={Lin, Chuang and Zhao, Sicheng and Meng, Lei and Chua, Tat-Seng},
  booktitle={AAAI Conference on Artificial Intelligence},
  year={2020}
}

@inproceedings{yao2019heterogeneous,
  title={Heterogeneous Domain Adaptation via Soft Transfer Network},
  author={Yao, Yuan and Zhang, Yu and Li, Xutao and Ye, Yunming},
  booktitle={ACM International Conference on Multimedia},
  pages={1578--1586},
  year={2019}
}

@inproceedings{wang2011heterogeneous,
  title={Heterogeneous domain adaptation using manifold alignment},
  author={Wang, Chang and Mahadevan, Sridhar},
  booktitle={International Joint Conference on Artificial Intelligence},
  pages={1541--1546},
  year={2011}
}


@article{li2018heterogeneous,
  title={Heterogeneous domain adaptation through progressive alignment},
  author={Li, Jingjing and Lu, Ke and Huang, Zi and Zhu, Lei and Shen, Heng Tao},
  journal={IEEE Transactions on Neural Networks and Learning Systems},
  volume={30},
  number={5},
  pages={1381--1391},
  year={2018}
}

@article{li2019heterogeneous,
  title={Heterogeneous Domain Adaptation via Nonlinear Matrix Factorization},
  author={Li, Haoliang and Pan, Sinno Jialin and Wang, Shiqi and Kot, Alex C},
  journal={IEEE Transactions on Neural Networks and Learning Systems},
  year={2019}
}

@inproceedings{liu2019separate,
  title={Separate to adapt: Open set domain adaptation via progressive separation},
  author={Liu, Hong and Cao, Zhangjie and Long, Mingsheng and Wang, Jianmin and Yang, Qiang},
  booktitle={IEEE Conference on Computer Vision and Pattern Recognition},
  pages={2927--2936},
  year={2019}
}

@inproceedings{you2019universal,
  title={Universal domain adaptation},
  author={You, Kaichao and Long, Mingsheng and Cao, Zhangjie and Wang, Jianmin and Jordan, Michael I},
  booktitle={IEEE Conference on Computer Vision and Pattern Recognition},
  pages={2720--2729},
  year={2019}
}

@inproceedings{cao2019learning,
  title={Learning to transfer examples for partial domain adaptation},
  author={Cao, Zhangjie and You, Kaichao and Long, Mingsheng and Wang, Jianmin and Yang, Qiang},
  booktitle={IEEE Conference on Computer Vision and Pattern Recognition},
  pages={2985--2994},
  year={2019}
}

@inproceedings{cao2018partialadversarial,
  title={Partial adversarial domain adaptation},
  author={Cao, Zhangjie and Ma, Lijia and Long, Mingsheng and Wang, Jianmin},
  booktitle={European Conference on Computer Vision},
  pages={135--150},
  year={2018}
}

@article{wang2019weakly,
  title={Weakly supervised adversarial domain adaptation for semantic segmentation in urban scenes},
  author={Wang, Qi and Gao, Junyu and Li, Xuelong},
  journal={IEEE Transactions on Image Processing},
  volume={28},
  number={9},
  pages={4376--4386},
  year={2019}
}

@inproceedings{shu2019transferable,
  title={Transferable curriculum for weakly-supervised domain adaptation},
  author={Shu, Yang and Cao, Zhangjie and Long, Mingsheng and Wang, Jianmin},
  booktitle={AAAI Conference on Artificial Intelligence},
  volume={33},
  pages={4951--4958},
  year={2019}
}

@inproceedings{wu2018dcan,
  title={Dcan: Dual channel-wise alignment networks for unsupervised scene adaptation},
  author={Wu, Zuxuan and Han, Xintong and Lin, Yen-Liang and Gokhan Uzunbas, Mustafa and Goldstein, Tom and Nam Lim, Ser and Davis, Larry S},
  booktitle={European Conference on Computer Vision},
  pages={518--534},
  year={2018}
}

@inproceedings{liu2019transferable,
  title={Transferable adversarial training: A general approach to adapting deep classifiers},
  author={Liu, Hong and Long, Mingsheng and Wang, Jianmin and Jordan, Michael},
  booktitle={International Conference on Machine Learning},
  pages={4013--4022},
  year={2019}
}

@inproceedings{cicek2019unsupervised,
  title={Unsupervised domain adaptation via regularized conditional alignment},
  author={Cicek, Safa and Soatto, Stefano},
  booktitle={IEEE International Conference on Computer Vision},
  pages={1416--1425},
  year={2019}
}

@inproceedings{xu2019adversarial,
  title={Adversarial Domain Adaptation with Domain Mixup},
  author={Xu, Minghao and Zhang, Jian and Ni, Bingbing and Li, Teng and Wang, Chengjie and Tian, Qi and Zhang, Wenjun},
  booktitle={AAAI Conference on Artificial Intelligence},
  year={2020}
}

@inproceedings{chen2020adversarial,
  title={Adversarial-Learned Loss for Domain Adaptation},
  author={Chen, Minghao and Zhao, Shuai and Liu, Haifeng and Cai, Deng},
  booktitle={AAAI Conference on Artificial Intelligence},
  year={2020}
}

@article{kim2020cross,
  title={Cross-domain Self-supervised Learning for Domain Adaptation with Few Source Labels},
  author={Kim, Donghyun and Saito, Kuniaki and Oh, Tae-Hyun and Plummer, Bryan A and Sclaroff, Stan and Saenko, Kate},
  journal={arXiv preprint arXiv:2003.08264},
  year={2020}
}

@article{achituve2020self,
  title={Self-Supervised Learning for Domain Adaptation on Point-Clouds},
  author={Achituve, Idan and Maron, Haggai and Chechik, Gal},
  journal={arXiv preprint arXiv:2003.12641},
  year={2020}
}

@article{xu2019self,
  title={Self-Supervised Domain Adaptation for Computer Vision Tasks},
  author={Xu, Jiaolong and Xiao, Liang and L{\'o}pez, Antonio M},
  journal={IEEE Access},
  volume={7},
  pages={156694--156706},
  year={2019}
}

@inproceedings{zhao2019deep,
  title={Deep generative and discriminative domain adaptation},
  author={Zhao, Han and Hu, Junjie and Zhu, Zhenyao and Coates, Adam and Gordon, Geoff},
  booktitle={International Conference on Autonomous Agents and MultiAgent Systems},
  pages={2315--2317},
  year={2019}
}

@inproceedings{feng2019self,
  title={Self-Supervised Representation Learning From Multi-Domain Data},
  author={Feng, Zeyu and Xu, Chang and Tao, Dacheng},
  booktitle={IEEE International Conference on Computer Vision},
  pages={3245--3255},
  year={2019}
}

@article{ben2010theory,
  title={A theory of learning from different domains},
  author={Ben-David, Shai and Blitzer, John and Crammer, Koby and Kulesza, Alex and Pereira, Fernando and Vaughan, Jennifer Wortman},
  journal={Machine Learning},
  volume={79},
  number={1-2},
  pages={151--175},
  year={2010}
}

@inproceedings{mansour2009domain,
  title={Domain adaptation: Learning bounds and algorithms},
  author={Mansour, Yishay and Mohri, Mehryar and Rostamizadeh, Afshin},
  booktitle={Conference on Learning Theory},
  year={2009}
}

@article{mansour2014robust,
  title={Robust domain adaptation},
  author={Mansour, Yishay and Schain, Mariano},
  journal={Annals of Mathematics and Artificial Intelligence},
  volume={71},
  number={4},
  pages={365--380},
  year={2014}
}

@article{xu2012robustness,
  title={Robustness and generalization},
  author={Xu, Huan and Mannor, Shie},
  journal={Machine Learning},
  volume={86},
  number={3},
  pages={391--423},
  year={2012}
}

@inproceedings{cortes2008sample,
  title={Sample selection bias correction theory},
  author={Cortes, Corinna and Mohri, Mehryar and Riley, Michael and Rostamizadeh, Afshin},
  booktitle={International Conference on Algorithmic Learning Theory},
  pages={38--53},
  year={2008}
}

@inproceedings{mansour2009multiple,
  title={Multiple source adaptation and the R{\'e}nyi divergence},
  author={Mansour, Yishay and Mohri, Mehryar and Rostamizadeh, Afshin},
  booktitle={Conference on Uncertainty in Artificial Intelligence},
  pages={367--374},
  year={2009}
}

@inproceedings{johansson2019support,
  title={Support and Invertibility in Domain-Invariant Representations},
  author={Johansson, Fredrik D and Sontag, David and Ranganath, Rajesh},
  booktitle={International Conference on Artificial Intelligence and Statistics},
  pages={527--536},
  year={2019}
}

@article{zheng2020cross,
  title={Cross-domain Object Detection through Coarse-to-Fine Feature Adaptation},
  author={Zheng, Yangtao and Huang, Di and Liu, Songtao and Wang, Yunhong},
  journal={arXiv preprint arXiv:2003.10275},
  year={2020}
}

@inproceedings{cai2019exploring,
  title={Exploring object relation in mean teacher for cross-domain detection},
  author={Cai, Qi and Pan, Yingwei and Ngo, Chong-Wah and Tian, Xinmei and Duan, Lingyu and Yao, Ting},
  booktitle={IEEE Conference on Computer Vision and Pattern Recognition},
  pages={11457--11466},
  year={2019}
}

@inproceedings{khodabandeh2019robust,
  title={A robust learning approach to domain adaptive object detection},
  author={Khodabandeh, Mehran and Vahdat, Arash and Ranjbar, Mani and Macready, William G},
  booktitle={IEEE International Conference on Computer Vision},
  pages={480--490},
  year={2019}
}

@inproceedings{zhu2019adapting,
  title={Adapting object detectors via selective cross-domain alignment},
  author={Zhu, Xinge and Pang, Jiangmiao and Yang, Ceyuan and Shi, Jianping and Lin, Dahua},
  booktitle={IEEE Conference on Computer Vision and Pattern Recognition},
  pages={687--696},
  year={2019}
}

@inproceedings{he2019multi,
  title={Multi-adversarial faster-rcnn for unrestricted object detection},
  author={He, Zhenwei and Zhang, Lei},
  booktitle={IEEE International Conference on Computer Vision},
  pages={6668--6677},
  year={2019}
}

@inproceedings{saito2019strong,
  title={Strong-weak distribution alignment for adaptive object detection},
  author={Saito, Kuniaki and Ushiku, Yoshitaka and Harada, Tatsuya and Saenko, Kate},
  booktitle={IEEE Conference on Computer Vision and Pattern Recognition},
  pages={6956--6965},
  year={2019}
}

@inproceedings{kim2019diversify,
  title={Diversify and match: A domain adaptive representation learning paradigm for object detection},
  author={Kim, Taekyung and Jeong, Minki and Kim, Seunghyeon and Choi, Seokeon and Kim, Changick},
  booktitle={IEEE Conference on Computer Vision and Pattern Recognition},
  pages={12456--12465},
  year={2019}
}

@inproceedings{xie2019multi,
  title={Multi-level Domain Adaptive learning for Cross-Domain Detection},
  author={Xie, Rongchang and Yu, Fei and Wang, Jiachao and Wang, Yizhou and Zhang, Li},
  booktitle={IEEE International Conference on Computer Vision Workshops},
  year={2019}
}

@inproceedings{hsu2020progressive,
  title={Progressive domain adaptation for object detection},
  author={Hsu, Han-Kai and Yao, Chun-Han and Tsai, Yi-Hsuan and Hung, Wei-Chih and Tseng, Hung-Yu and Singh, Maneesh and Yang, Ming-Hsuan},
  booktitle={IEEE Winter Conference on Applications of Computer Vision},
  pages={749--757},
  year={2020}
}


@article{sakaridis2018semantic,
  title={Semantic foggy scene understanding with synthetic data},
  author={Sakaridis, Christos and Dai, Dengxin and Van Gool, Luc},
  journal={International Journal of Computer Vision},
  volume={126},
  number={9},
  pages={973--992},
  year={2018}
}

@inproceedings{johnson2017driving,
  title={Driving in the Matrix: Can virtual worlds replace human-generated annotations for real world tasks?},
  author={Johnson-Roberson, Matthew and Barto, Charles and Mehta, Rounak and Sridhar, Sharath Nittur and Rosaen, Karl and Vasudevan, Ram},
  booktitle={IEEE International Conference on Robotics and Automation},
  pages={746--753},
  year={2017}
}


@article{peterson2019private,
  title={Private Federated Learning with Domain Adaptation},
  author={Peterson, Daniel and Kanani, Pallika and Marathe, Virendra J},
  journal={arXiv preprint arXiv:1912.06733},
  year={2019}
}


@inproceedings{balaji2018metareg,
  title={Metareg: Towards domain generalization using meta-regularization},
  author={Balaji, Yogesh and Sankaranarayanan, Swami and Chellappa, Rama},
  booktitle={Advances in Neural Information Processing Systems},
  pages={998--1008},
  year={2018}
}

@inproceedings{wu2019fbnet,
  title={Fbnet: Hardware-aware efficient convnet design via differentiable neural architecture search},
  author={Wu, Bichen and Dai, Xiaoliang and Zhang, Peizhao and Wang, Yanghan and Sun, Fei and Wu, Yiming and Tian, Yuandong and Vajda, Peter and Jia, Yangqing and Keutzer, Kurt},
  booktitle={IEEE Conference on Computer Vision and Pattern Recognition},
  pages={10734--10742},
  year={2019}
}

@inproceedings{das2018graph,
  title={Graph matching and pseudo-label guided deep unsupervised domain adaptation},
  author={Das, Debasmit and Lee, CS George},
  booktitle={International Conference on Artificial Neural Networks},
  pages={342--352},
  year={2018}
}

@inproceedings{you2019towards,
  title={Towards accurate model selection in deep unsupervised domain adaptation},
  author={You, Kaichao and Wang, Ximei and Long, Mingsheng and Jordan, Michael},
  booktitle={International Conference on Machine Learning},
  pages={7124--7133},
  year={2019}
}

%% New reference after 2020-04-25
@inproceedings{luo2017label,
  title={Label efficient learning of transferable representations acrosss domains and tasks},
  author={Luo, Zelun and Zou, Yuliang and Hoffman, Judy and Fei-Fei, Li F},
  booktitle={Advances in Neural Information Processing Systems},
  pages={165--177},
  year={2017}
}

@inproceedings{ni2019dual,
  title={Dual adversarial semantics-consistent network for generalized zero-shot learning},
  author={Ni, Jian and Zhang, Shanghang and Xie, Haiyong},
  booktitle={Advances in Neural Information Processing Systems},
  pages={6143--6154},
  year={2019}
}

@article{song2019generalized,
  title={Generalized Zero-shot ICD Coding},
  author={Song, Congzheng and Zhang, Shanghang and Sadoughi, Najmeh and Xie, Pengtao and Xing, Eric},
  journal={arXiv preprint arXiv:1909.13154},
  year={2019}
}

@inproceedings{romera2015embarrassingly,
  title={An embarrassingly simple approach to zero-shot learning},
  author={Romera-Paredes, Bernardino and Torr, Philip},
  booktitle={International Conference on Machine Learning},
  pages={2152--2161},
  year={2015}
}

@inproceedings{socher2013zero,
  title={Zero-shot learning through cross-modal transfer},
  author={Socher, Richard and Ganjoo, Milind and Manning, Christopher D and Ng, Andrew},
  booktitle={Advances in Neural Information Processing Systems},
  pages={935--943},
  year={2013}
}

@inproceedings{snell2017prototypical,
  title={Prototypical networks for few-shot learning},
  author={Snell, Jake and Swersky, Kevin and Zemel, Richard},
  booktitle={Advances in Neural Information Processing Systems},
  pages={4077--4087},
  year={2017}
}

@inproceedings{ravi2017optimization,
  title={Optimization as a model for few-shot learning},
  author={Ravi, Sachin and Larochelle, Hugo},
  booktitle={International Conference on Learning Representations},
  year={2017}
}


@inproceedings{sung2018learning,
  title={Learning to compare: Relation network for few-shot learning},
  author={Sung, Flood and Yang, Yongxin and Zhang, Li and Xiang, Tao and Torr, Philip HS and Hospedales, Timothy M},
  booktitle={IEEE Conference on Computer Vision and Pattern Recognition},
  pages={1199--1208},
  year={2018}
}

@article{chen2020simple,
  title={A simple framework for contrastive learning of visual representations},
  author={Chen, Ting and Kornblith, Simon and Norouzi, Mohammad and Hinton, Geoffrey},
  journal={arXiv preprint arXiv:2002.05709},
  year={2020}
}

@article{he2019momentum,
  title={Momentum contrast for unsupervised visual representation learning},
  author={He, Kaiming and Fan, Haoqi and Wu, Yuxin and Xie, Saining and Girshick, Ross},
  journal={arXiv preprint arXiv:1911.05722},
  year={2019}
}

@inproceedings{zellinger2017central,
  title={Central moment discrepancy (cmd) for domain-invariant representation learning},
  author={Zellinger, Werner and Grubinger, Thomas and Lughofer, Edwin and Natschl{\"a}ger, Thomas and Saminger-Platz, Susanne},
  booktitle={International Conference on Learning Representations},
  year={2017}
}

@inproceedings{chen2020homm,
  title={HoMM: Higher-order Moment Matching for Unsupervised Domain Adaptation},
  author={Chen, Chao and Fu, Zhihang and Chen, Zhihong and Jin, Sheng and Cheng, Zhaowei and Jin, Xinyu and Hua, Xian-Sheng},
  booktitle={AAAI Conference on Artificial Intelligence},
  year={2020}
}

@article{peng2018syn2real,
  title={Syn2real: A new benchmark forsynthetic-to-real visual domain adaptation},
  author={Peng, Xingchao and Usman, Ben and Saito, Kuniaki and Kaushik, Neela and Hoffman, Judy and Saenko, Kate},
  journal={arXiv preprint arXiv:1806.09755},
  year={2018}
}

@inproceedings{lin2014microsoft,
  title={Microsoft coco: Common objects in context},
  author={Lin, Tsung-Yi and Maire, Michael and Belongie, Serge and Hays, James and Perona, Pietro and Ramanan, Deva and Doll{\'a}r, Piotr and Zitnick, C Lawrence},
  booktitle={European conference on computer vision},
  pages={740--755},
  year={2014},
  organization={Springer}
}

@inproceedings{real2017youtube,
  title={Youtube-boundingboxes: A large high-precision human-annotated data set for object detection in video},
  author={Real, Esteban and Shlens, Jonathon and Mazzocchi, Stefano and Pan, Xin and Vanhoucke, Vincent},
  booktitle={IEEE Conference on Computer Vision and Pattern Recognition},
  pages={5296--5305},
  year={2017}
}

%SHZ
@inproceedings{lee2019sliced,
  title={Sliced wasserstein discrepancy for unsupervised domain adaptation},
  author={Lee, Chen-Yu and Batra, Tanmay and Baig, Mohammad Haris and Ulbricht, Daniel},
  booktitle={IEEE Conference on Computer Vision and Pattern Recognition},
  pages={10285--10295},
  year={2019}
}
@inproceedings{yue2019domain,
  title={Domain randomization and pyramid consistency: Simulation-to-real generalization without accessing target domain data},
  author={Yue, Xiangyu and Zhang, Yang and Zhao, Sicheng and Sangiovanni-Vincentelli, Alberto and Keutzer, Kurt and Gong, Boqing},
  booktitle={IEEE International Conference on Computer Vision},
  pages={2100--2110},
  year={2019}
}
@inproceedings{roy2019unsupervised,
  title={Unsupervised domain adaptation using feature-whitening and consensus loss},
  author={Roy, Subhankar and Siarohin, Aliaksandr and Sangineto, Enver and Bulo, Samuel Rota and Sebe, Nicu and Ricci, Elisa},
  booktitle={IEEE Conference on Computer Vision and Pattern Recognition},
  pages={9471--9480},
  year={2019}
}

@article{gama2014survey,
  title={A survey on concept drift adaptation},
  author={Gama, Jo{\~a}o and {\v{Z}}liobait{\.e}, Indr{\.e} and Bifet, Albert and Pechenizkiy, Mykola and Bouchachia, Abdelhamid},
  journal={ACM computing surveys (CSUR)},
  volume={46},
  number={4},
  pages={1--37},
  year={2014}
}

@article{kim2020learning,
  title={Learning Texture Invariant Representation for Domain Adaptation of Semantic Segmentation},
  author={Kim, Myeongjin and Byun, Hyeran},
  journal={arXiv preprint arXiv:2003.00867},
  year={2020}
}

@inproceedings{kingma2013auto,
  title={Auto-encoding variational bayes},
  author={Kingma, Diederik P and Welling, Max},
  booktitle={International Conference on Learning Representations},
  year={2014}
}

@article{ding2018incomplete,
  title={Incomplete multisource transfer learning},
  author={Ding, Zhengming and Shao, Ming and Fu, Yun},
  journal={IEEE Transactions on Neural Networks and Learning Systems},
  volume={29},
  number={2},
  pages={310--323},
  year={2018}
}

@inproceedings{redko2019optimal,
  title={Optimal transport for multi-source domain adaptation under target shift},
  author={Redko, Ievgen and Courty, Nicolas and Flamary, R{\'e}mi and Tuia, Devis},
  booktitle={International Conference on Artificial Intelligence and Statistics},
  pages={849--858},
  year={2019}
}


@inproceedings{kim2014convolutional,
  title={Convolutional Neural Networks for Sentence Classification},
  author={Kim, Yoon},
  booktitle={Conference on Empirical Methods in Natural Language Processing},
  pages={1746--1751},
  year={2014}
}


@article{zhang2018deep,
  title={Deep learning for sentiment analysis: A survey},
  author={Zhang, Lei and Wang, Shuai and Liu, Bing},
  journal={Wiley Interdisciplinary Reviews: Data Mining and Knowledge Discovery},
  volume={8},
  number={4},
  pages={e1253},
  year={2018}
}

@inproceedings{zhai2016semisupervised,
  title={Semisupervised autoencoder for sentiment analysis},
  author={Zhai, Shuangfei and Zhang, Zhongfei Mark},
  booktitle={AAAI Conference on Artificial Intelligence},
  pages={1394--1400},
  year={2016}
}

@inproceedings{li2009non,
  title={A non-negative matrix tri-factorization approach to sentiment classification with lexical prior knowledge},
  author={Li, Tao and Zhang, Yi and Sindhwani, Vikas},
  booktitle={Annual Meeting of the Association for Computational Linguistics},
  pages={244--252},
  year={2009}
}

@inproceedings{chen2012marginalized,
  title={Marginalized denoising autoencoders for domain adaptation},
  author={Chen, Minmin and Xu, Zhixiang and Weinberger, Kilian Q and Sha, Fei},
  booktitle={International Conference on Machine Learning},
  pages={1627--1634},
  year={2012}
}

@inproceedings{sutskever2014sequence,
  title={Sequence to sequence learning with neural networks},
  author={Sutskever, Ilya and Vinyals, Oriol and Le, Quoc V},
  booktitle={Advances in Neural Information Processing Systems},
  pages={3104--3112},
  year={2014}
}

@inproceedings{bengio2009curriculum,
  title={Curriculum learning},
  author={Bengio, Yoshua and Louradour, J{\'e}r{\^o}me and Collobert, Ronan and Weston, Jason},
  booktitle={International Coference on International Conference on Machine Learning},
  pages={41--48},
  year={2009}
}

@inproceedings{yu2016learning,
  title={Learning sentence embeddings with auxiliary tasks for cross-domain sentiment classification},
  author={Yu, Jianfei and Jiang, Jing},
  booktitle={Conference on Empirical Methods in Natural Language Processing},
  pages={236-246},
  year={2016}
}

@inproceedings{chen2019multi,
  title={Multi-Source Cross-Lingual Model Transfer: Learning What to Share},
  author={Chen, Xilun and Hassan Awadallah, Ahmed and Hassan, Hany and Wang, Wei and Cardie, Claire},
  booktitle={Annual Meeting of the Association for Computational Linguistics},
  pages={3098--3112},
  year={2019}
}

@inproceedings{torralba2011unbiased,
  title={Unbiased look at dataset bias},
  author={Torralba, Antonio and Efros, Alexei A},
  booktitle={IEEE Conference on Computer Vision and Pattern Recognition},
  pages={1521--1528},
  year={2011}
}

@inproceedings{sun2016return,
  title={Return of frustratingly easy domain adaptation},
  author={Sun, Baochen and Feng, Jiashi and Saenko, Kate},
  booktitle={AAAI Conference on Artificial Intelligence},
  pages={2058--2065},
  year={2016}
}


@inproceedings{pang2005seeing,
  title={Seeing Stars: Exploiting Class Relationships for Sentiment Categorization with Respect to Rating Scales},
  author={Pang, Bo and Lee, Lillian},
  booktitle={Annual Meeting of the Association for Computational Linguistics},
  pages={115--124},
  year={2005}
}

@inproceedings{hu2004mining,
  title={Mining and summarizing customer reviews},
  author={Hu, Minqing and Liu, Bing},
  booktitle={ACM SIGKDD International Conference on Knowledge Discovery and Data Mining},
  pages={168--177},
  year={2004}
}

@inproceedings{kingma2015adam,
  title={Adam: A method for stochastic optimization},
  author={Kingma, Diederik P and Ba, Jimmy},
  booktitle={International Conference on Learning Representations},
  year={2015}
}

@article{zhang2018textual,
  title={Textual sentiment analysis via three different attention convolutional neural networks and cross-modality consistent regression},
  author={Zhang, Zufan and Zou, Yang and Gan, Chenquan},
  journal={Neurocomputing},
  volume={275},
  pages={1407--1415},
  year={2018}
}

@article{kiritchenko2014sentiment,
  title={Sentiment analysis of short informal texts},
  author={Kiritchenko, Svetlana and Zhu, Xiaodan and Mohammad, Saif M},
  journal={Journal of Artificial Intelligence Research},
  volume={50},
  pages={723--762},
  year={2014}
}

@inproceedings{georgakopoulos2018convolutional,
  title={Convolutional neural networks for toxic comment classification},
  author={Georgakopoulos, Spiros V and Tasoulis, Sotiris K and Vrahatis, Aristidis G and Plagianakos, Vassilis P},
  booktitle={Hellenic Conference on Artificial Intelligence},
  pages={1--6},
  year={2018}
}

@article{yadav2020sentiment,
  title={Sentiment analysis using deep learning architectures: a review},
  author={Yadav, Ashima and Vishwakarma, Dinesh Kumar},
  journal={Artificial Intelligence Review},
  volume={53},
  number={6},
  pages={4335--4385},
  year={2020}
}

@inproceedings{zhang2017curriculum,
  title={Curriculum domain adaptation for semantic segmentation of urban scenes},
  author={Zhang, Yang and David, Philip and Gong, Boqing},
  booktitle={IEEE International Conference on Computer Vision},
  pages={2020--2030},
  year={2017}
}

%%%%%%%%%%%% New reference after 10/15/2020
@inproceedings{wu2020unsupervised,
  title={Unsupervised Domain Adaptive Graph Convolutional Networks},
  author={Wu, Man and Pan, Shirui and Zhou, Chuan and Chang, Xiaojun and Zhu, Xingquan},
  booktitle={The Web Conference},
  pages={1457--1467},
  year={2020}
}

@inproceedings{yu2019transfer,
  title={Transfer learning with dynamic adversarial adaptation network},
  author={Yu, Chaohui and Wang, Jindong and Chen, Yiqiang and Huang, Meiyu},
  booktitle={IEEE International Conference on Data Mining},
  pages={778--786},
  year={2019}
}

@inproceedings{chen2020fido,
  title={FiDo: Ubiquitous Fine-Grained WiFi-based Localization for Unlabelled Users via Domain Adaptation},
  author={Chen, Xi and Li, Hang and Zhou, Chenyi and Liu, Xue and Wu, Di and Dudek, Gregory},
  booktitle={The Web Conference},
  pages={23--33},
  year={2020}
}

@inproceedings{wang2018multi,
  title={Multi-instance domain adaptation for vaccine adverse event detection},
  author={Wang, Junxiang and Zhao, Liang},
  booktitle={International World Wide Web Conference},
  pages={97--106},
  year={2018}
}

@inproceedings{kumar2019adversarial,
  title={Adversarial adaptation of scene graph models for understanding civic issues},
  author={Kumar, Shanu and Atreja, Shubham and Singh, Anjali and Jain, Mohit},
  booktitle={International World Wide Web Conference},
  pages={2943--2949},
  year={2019}
}

@inproceedings{gong2017clustered,
  title={Clustered model adaption for personalized sentiment analysis},
  author={Gong, Lin and Haines, Benjamin and Wang, Hongning},
  booktitle={International World Wide Web Conference},
  pages={937--946},
  year={2017}
}

@inproceedings{deriu2017leveraging,
  title={Leveraging large amounts of weakly supervised data for multi-language sentiment classification},
  author={Deriu, Jan and Lucchi, Aurelien and De Luca, Valeria and Severyn, Aliaksei and M{\"u}ller, Simon and Cieliebak, Mark and Hofmann, Thomas and Jaggi, Martin},
  booktitle={International World Wide Web Conference},
  pages={1045--1052},
  year={2017}
}

@inproceedings{gong2018sentiment,
  title={When sentiment analysis meets social network: A holistic user behavior modeling in opinionated data},
  author={Gong, Lin and Wang, Hongning},
  booktitle={ACM SIGKDD International Conference on Knowledge Discovery and Data Mining},
  pages={1455--1464},
  year={2018}
}

@inproceedings{zhao2016predicting,
  title={Predicting personalized emotion perceptions of social images},
  author={Zhao, Sicheng and Yao, Hongxun and Gao, Yue and Ji, Rongrong and Xie, Wenlong and Jiang, Xiaolei and Chua, Tat-Seng},
  booktitle={ACM International Conference on Multimedia},
  pages={1385--1394},
  year={2016}
}

@inproceedings{xi2020domain,
  title={Domain Adaptation with Category Attention Network for Deep Sentiment Analysis},
  author={Xi, Dongbo and Zhuang, Fuzhen and Zhou, Ganbin and Cheng, Xiaohu and Lin, Fen and He, Qing},
  booktitle={The Web Conference},
  pages={3133--3139},
  year={2020}
}

@article{liu2019survey,
  title={A survey of sentiment analysis based on transfer learning},
  author={Liu, Ruijun and Shi, Yuqian and Ji, Changjiang and Jia, Ming},
  journal={IEEE Access},
  volume={7},
  pages={85401--85412},
  year={2019}
}

@inproceedings{luiz2018feature,
  title={A feature-oriented sentiment rating for mobile app reviews},
  author={Luiz, Washington and Viegas, Felipe and Alencar, Rafael and Mour{\~a}o, Fernando and Salles, Thiago and Carvalho, D{\'a}rlinton and Gon{\c{c}}alves, Marcos Andre and Rocha, Leonardo},
  booktitle={International World Wide Web Conference},
  pages={1909--1918},
  year={2018}
}

@inproceedings{liu2018content,
  title={Content attention model for aspect based sentiment analysis},
  author={Liu, Qiao and Zhang, Haibin and Zeng, Yifu and Huang, Ziqi and Wu, Zufeng},
  booktitle={International World Wide Web Conference},
  pages={1023--1032},
  year={2018}
}

@inproceedings{wang2018sentiment,
  title={Sentiment analysis by capsules},
  author={Wang, Yequan and Sun, Aixin and Han, Jialong and Liu, Ying and Zhu, Xiaoyan},
  booktitle={International World Wide Web Conference},
  pages={1165--1174},
  year={2018}
}

@inproceedings{wang2019aspect,
  title={Aspect-level sentiment analysis using as-capsules},
  author={Wang, Yequan and Sun, Aixin and Huang, Minlie and Zhu, Xiaoyan},
  booktitle={International World Wide Web Conference},
  pages={2033--2044},
  year={2019}
}

@inproceedings{chen2019emoji,
  title={Emoji-powered representation learning for cross-lingual sentiment classification},
  author={Chen, Zhenpeng and Shen, Sheng and Hu, Ziniu and Lu, Xuan and Mei, Qiaozhu and Liu, Xuanzhe},
  booktitle={International World Wide Web Conference},
  pages={251--262},
  year={2019}
}

@inproceedings{biddle2020leveraging,
  title={Leveraging Sentiment Distributions to Distinguish Figurative From Literal Health Reports on Twitter},
  author={Biddle, Rhys and Joshi, Aditya and Liu, Shaowu and Paris, Cecile and Xu, Guandong},
  booktitle={The Web Conference},
  pages={1217--1227},
  year={2020}
}

@article{hochreiter1997long,
  title={Long short-term memory},
  author={Hochreiter, Sepp and Schmidhuber, J{\"u}rgen},
  journal={Neural computation},
  volume={9},
  number={8},
  pages={1735--1780},
  year={1997},
  publisher={MIT Press}
}

@inproceedings{bengio2015scheduled,
  title={Scheduled sampling for sequence prediction with recurrent neural networks},
  author={Bengio, Samy and Vinyals, Oriol and Jaitly, Navdeep and Shazeer, Noam},
  booktitle={Advances in Neural Information Processing Systems},
  pages={1171--1179},
  year={2015}
}

@inproceedings{mohammad2013nrc,
  title={NRC-Canada: Building the State-of-the-Art in Sentiment Analysis of Tweets},
  author={Mohammad, Saif and Kiritchenko, Svetlana and Zhu, Xiaodan},
  booktitle={International Workshop on Semantic Evaluation (SemEval)},
  pages={321--327},
  year={2013}
}

@article{pang2008opinion,
  title={Opinion mining and sentiment analysis},
  author={Pang, Bo and Lee, Lillian},
  journal={Foundations and Trends in Information Retrieval},
  volume={2},
  number={1-2},
  pages={1--135},
  year={2008}
}

@inproceedings{dong2014adaptive,
  title={Adaptive recursive neural network for target-dependent twitter sentiment classification},
  author={Dong, Li and Wei, Furu and Tan, Chuanqi and Tang, Duyu and Zhou, Ming and Xu, Ke},
  booktitle={Annual Meeting of the Association for Computational Linguistics},
  pages={49--54},
  year={2014}
}

@inproceedings{qian2015learning,
  title={Learning tag embeddings and tag-specific composition functions in recursive neural network},
  author={Qian, Qiao and Tian, Bo and Huang, Minlie and Liu, Yang and Zhu, Xuan and Zhu, Xiaoyan},
  booktitle={Annual Meeting of the Association for Computational Linguistics},
  pages={1365--1374},
  year={2015}
}

@inproceedings{socher2011semi,
  title={Semi-supervised recursive autoencoders for predicting sentiment distributions},
  author={Socher, Richard and Pennington, Jeffrey and Huang, Eric H and Ng, Andrew Y and Manning, Christopher D},
  booktitle={Conference on Empirical Methods on Natural Language Processing},
  pages={151--161},
  year={2011}
}

@inproceedings{socher2013recursive,
  title={Recursive deep models for semantic compositionality over a sentiment treebank},
  author={Socher, Richard and Perelygin, Alex and Wu, Jean and Chuang, Jason and Manning, Christopher D and Ng, Andrew Y and Potts, Christopher},
  booktitle={Conference on Empirical Methods on Natural Language Processing},
  pages={1631--1642},
  year={2013}
}

@inproceedings{tang2015document,
  title={Document modeling with gated recurrent neural network for sentiment classification},
  author={Tang, Duyu and Qin, Bing and Liu, Ting},
  booktitle={Conference on Empirical Methods on Natural Language Processing},
  pages={1422--1432},
  year={2015}
}

@inproceedings{tai2015improved,
  title={Improved Semantic Representations From Tree-Structured Long Short-Term Memory Networks},
  author={Tai, Kai Sheng and Socher, Richard and Manning, Christopher D},
  booktitle={Annual Meeting of the Association for Computational Linguistics},
  pages={1556--1566},
  year={2015}
}

@inproceedings{cho2014learning,
  title={Learning Phrase Representations using RNN Encoder--Decoder for Statistical Machine Translation},
  author={Cho, Kyunghyun and van Merri{\"e}nboer, Bart and Gulcehre, Caglar and Bahdanau, Dzmitry and Bougares, Fethi and Schwenk, Holger and Bengio, Yoshua},
  booktitle={Conference on Empirical Methods in Natural Language Processing},
  pages={1724--1734},
  year={2014}
}

@inproceedings{artetxe2017acl,
  author    = {Artetxe, Mikel  and  Labaka, Gorka  and  Agirre, Eneko},
  title     = {Learning bilingual word embeddings with (almost) no bilingual data},
  booktitle = {Annual Meeting of the Association for Computational Linguistics},
  year      = {2017},
  pages     = {451--462}
}

@inproceedings{artetxe2016emnlp,
  author    = {Artetxe, Mikel  and  Labaka, Gorka  and  Agirre, Eneko},
  title     = {Learning principled bilingual mappings of word embeddings while preserving monolingual invariance},
  booktitle={Conference on Empirical Methods in Natural Language Processing},
  year      = {2016},
  pages     = {2289--2294}
}

@article{zhao2020discrete,
  title={Discrete probability distribution prediction of image emotions with shared sparse learning},
  author={Zhao, Sicheng and Ding, Guiguang and Gao, Yue and Zhao, Xin and Tang, Youbao and Han, Jungong and Yao, Hongxun and Huang, Qingming},
  journal={IEEE Transactions on Affective Computing},
  volume={11},
  number={4},
  pages={574--587},
  year={2020}
}

@inproceedings{vu2020effective,
  title={Effective Unsupervised Domain Adaptation with Adversarially Trained Language Models},
  author={Vu, Thuy-Trang and Phung, Dinh and Haffari, Gholamreza},
  booktitle={Conference on Empirical Methods in Natural Language Processing},
  year={2020}
}

@article{bojanowski2017enriching,
  title={Enriching Word Vectors with Subword Information},
  author={Bojanowski, Piotr and Grave, Edouard and Joulin, Armand and Mikolov, Tomas},
  journal={Transactions of the Association for Computational Linguistics},
  volume={5},
  year={2017},
  pages={135--146}
}

@inproceedings{yang2020curriculum,
  title={Curriculum Manager for Source Selection in Multi-Source Domain Adaptation},
  author={Yang, Luyu and Balaji, Yogesh and Lim, Ser-Nam and Shrivastava, Abhinav},
  booktitle={European Conference on Computer Vision},
  pages={608--624},
  year={2020}
}

@inproceedings{devlin2019bert,
  title={Bert: Pre-training of deep bidirectional transformers for language understanding},
  author={Devlin, Jacob and Chang, Ming-Wei and Lee, Kenton and Toutanova, Kristina},
  booktitle={Annual Conference of the North American Chapter of the Association for Computational Linguistics},
  pages={4171--4186},
  year={2019}
}